@book{SA77,
  title={Scripts, Plans, Goals, and Understanding: An Inquiry Into Human Knowledge Structures},
  author={Schank, R.C. and Abelson, R.P.},
  isbn={9780470990339},
  lccn={lc76051963},
  series={The Artificial Intelligence Series},
  url={https://books.google.com/books?id=YZ99AAAAMAAJ},
  year={1977},
  publisher={Lawrence Erlbaum Associates}
}

@inproceedings{BSME13,
  author    = {Niranjan Balasubramanian and
               Stephen Soderland and
               Mausam and
               Oren Etzioni},
  title     = {Generating Coherent Event Schemas at Scale},
  booktitle = {Proceedings of the 2013 Conference on Empirical Methods in Natural
               Language Processing, {EMNLP} 2013, 18-21 October 2013, Grand Hyatt
               Seattle, Seattle, Washington, USA, {A} meeting of SIGDAT, a Special
               Interest Group of the {ACL}},
  pages     = {1721--1731},
  year      = {2013},
  crossref  = {DBLP:conf/emnlp/2013},
  url       = {http://aclweb.org/anthology/D/D13/D13-1178.pdf},
  timestamp = {Fri, 22 Nov 2013 12:57:23 +0100},
  biburl    = {http://dblp.uni-trier.de/rec/bib/conf/emnlp/BalasubramanianSME13},
  bibsource = {dblp computer science bibliography, http://dblp.org}
}

@inproceedings{B08,
  author    = {Cosmin Adrian Bejan},
  title     = {Unsupervised Discovery of Event Scenarios from Texts},
  booktitle = {Proceedings of the Twenty-First International Florida Artificial Intelligence
               Research Society Conference, May 15-17, 2008, Coconut Grove, Florida,
               {USA}},
  pages     = {124--129},
  year      = {2008},
  crossref  = {DBLP:conf/flairs/2008},
  url       = {http://www.aaai.org/Library/FLAIRS/2008/flairs08-038.php},
  timestamp = {Thu, 13 Dec 2012 12:01:47 +0100},
  biburl    = {http://dblp.uni-trier.de/rec/bib/conf/flairs/Bejan08},
  bibsource = {dblp computer science bibliography, http://dblp.org}
}

@inproceedings{CJ08chain,
  author    = {Nathanael Chambers and
               Daniel Jurafsky},
  title     = {Unsupervised Learning of Narrative Event Chains},
  booktitle = {{ACL} 2008, Proceedings of the 46th Annual Meeting of the Association
               for Computational Linguistics, June 15-20, 2008, Columbus, Ohio, {USA}},
  pages     = {789--797},
  year      = {2008},
  crossref  = {DBLP:conf/acl/2008},
  url       = {http://www.aclweb.org/anthology/P08-1090},
  timestamp = {Mon, 04 Mar 2013 20:57:25 +0100},
  biburl    = {http://dblp.uni-trier.de/rec/bib/conf/acl/ChambersJ08},
  bibsource = {dblp computer science bibliography, http://dblp.org}
}

@inproceedings{CJ09schema,
 author = {Chambers, Nathanael and Jurafsky, Dan},
 title = {Unsupervised Learning of Narrative Schemas and Their Participants},
 booktitle = {Proceedings of the Joint Conference of the 47th Annual Meeting of the ACL and the 4th International Joint Conference on Natural Language Processing of the AFNLP: Volume 2 - Volume 2},
 series = {ACL '09},
 year = {2009},
 isbn = {978-1-932432-46-6},
 location = {Suntec, Singapore},
 pages = {602--610},
 numpages = {9},
 url = {http://dl.acm.org/citation.cfm?id=1690219.1690231},
 acmid = {1690231},
 publisher = {Association for Computational Linguistics},
 address = {Stroudsburg, PA, USA},
} 

@inproceedings{C13,
  author    = {Nathanael Chambers},
  title     = {Event Schema Induction with a Probabilistic Entity-Driven Model},
  booktitle = {Proceedings of the 2013 Conference on Empirical Methods in Natural
               Language Processing, {EMNLP} 2013, 18-21 October 2013, Grand Hyatt
               Seattle, Seattle, Washington, USA, {A} meeting of SIGDAT, a Special
               Interest Group of the {ACL}},
  pages     = {1797--1807},
  year      = {2013},
  crossref  = {DBLP:conf/emnlp/2013},
  url       = {http://aclweb.org/anthology/D/D13/D13-1185.pdf},
  timestamp = {Fri, 22 Nov 2013 12:57:23 +0100},
  biburl    = {http://dblp.uni-trier.de/rec/bib/conf/emnlp/Chambers13},
  bibsource = {dblp computer science bibliography, http://dblp.org}
}

@Inproceedings {CPV13,
author       = {Jackie C.K. Cheung and Hoifung Poon and Lucy Vanderwende},
booktitle    = {Proceedings of NAACL-HLT 2013},
journal      = {Proceedings of NAACL-HLT 2013},
publisher    = {Association for Computational Linguistics},
title        = {Probabilistic Frame Induction},
url          = {http://research.microsoft.com/apps/pubs/default.aspx?id=201103},
year         = {2013},
}

@inproceedings{B98framenet,
  title={The berkeley framenet project},
  author={Baker, Collin F and Fillmore, Charles J and Lowe, John B},
  booktitle={Proceedings of the 17th international conference on Computational linguistics-Volume 1},
  pages={86--90},
  year={1998},
  organization={Association for Computational Linguistics}
}

@inproceedings{CJ11template,
  title={Template-based information extraction without the templates},
  author={Chambers, Nathanael and Jurafsky, Dan},
  booktitle={Proceedings of the 49th Annual Meeting of the Association for Computational Linguistics: Human Language Technologies-Volume 1},
  pages={976--986},
  year={2011},
  organization={Association for Computational Linguistics}
}
